%%%%%% -*- Coding: utf-8-unix; Mode: latex
@Online{kubernetes,
    title = {Kubernetes},
    url = {https://kubernetes.io/},
    urldate = {2024-06-05}
}

@Online{argo,
    title = {Argo},
    url = {https://argoproj.github.io/},
    urldate = {2024-06-05}
}

@Online{argo-workflows,
    title = {Argo Workflows},
    url = {https://argoproj.github.io/workflows/},
    urldate = {2024-06-05}
}

@Online{argo-cd,
    title = {Argo CD},
    url = {https://argoproj.github.io/cd},
    urldate = {2024-06-05}
}

@Online{aws-eks,
    title = {AWS EKS},
    url = {https://aws.amazon.com/eks/},
    urldate = {2024-06-05}
}

@Online{github,
    title = {Github},
    url = {https://github.com/},
    urldate = {2024-06-05}
}

@Online{python,
    title = {Python},
    url = {https://www.python.org//},
    urldate = {2024-06-05}
}

@Online{hera,
    title = {Hera},
    url = {https://github.com/argoproj-labs/herad},
    urldate = {2024-06-05}
}

@Online{terraform,
    title = {Terraform},
    url = {https://www.terraform.io/},
    urldate = {2024-06-05}
}

@Online{terraform-install,
    title = {Terraform install},
    url = {https://developer.hashicorp.com/terraform/tutorials/aws-get-started/install-cli},
    urldate = {2024-06-05}
}

@Online{kubectl,
    title = {kubectl},
    url = {https://kubernetes.io/docs/reference/kubectl/},
    urldate = {2024-06-05}
}

@Online{aws-cli,
    title = {AWS CLI},
    url = {https://aws.amazon.com/cli/},
    urldate = {2024-06-05}
}

@Online{argo,
    title = {AWS CLI},
    url = {https://aws.amazon.com/cli/},
    urldate = {2024-06-05}
}
